@inproceedings{bicho1998,
  title={Using attractor dynamics to control autonomous vehicle motion},
  author={Bicho, Estela and Mallet, Pierre and Schoner, G},
  booktitle={Industrial Electronics Society, 1998. IECON'98. Proceedings of the 24th Annual Conference of the IEEE},
  volume={2},
  pages={1176--1181},
  year={1998},
  organization={IEEE}
}

@article{bicho2000,
  title={Target representation on an autonomous vehicle with low-level sensors},
  author={Bicho, Estela and Mallet, Pierre and Sch{\"o}ner, Gregor},
  journal={The International Journal of Robotics Research},
  volume={19},
  number={5},
  pages={424--447},
  year={2000},
  publisher={Sage Publications}
}

@article{erlhagen2006,
  title={The dynamic neural field approach to cognitive roboticsPart of the 3rd Neuro-IT and Neuroengineering Summer School Tutorial Series.},
  author={Erlhagen, Wolfram and Bicho, Estela},
  journal={Journal of neural engineering},
  volume={3},
  number={3},
  pages={R36},
  year={2006},
  publisher={IOP Publishing}
}

@misc{frising,
  title={An embedded neuromorphic computing platform for cognitive agents},
  author={Frising, Michel},
  submissiondate={2016/06/09},
  year={2016},
  note={Institute for Neuroinformatics, ETH Zürich, Universität Zürich},
  institution={Institute for Neuroinformatics, ETH Zürich, Universität Zürich}
}

@article{indiveri2011,
  title={Neuromorphic silicon neuron circuits},
  author={Indiveri, Giacomo and Linares-Barranco, Bernab{\'e} and Hamilton, Tara Julia and Van Schaik, Andr{\'e} and Etienne-Cummings, Ralph and Delbruck, Tobi and Liu, Shih-Chii and Dudek, Piotr and H{\"a}fliger, Philipp and Renaud, Sylvie and others},
  journal={Frontiers in neuroscience},
  volume={5},
  pages={73},
  year={2011},
  publisher={Frontiers}
}

@article{lichtsteiner2008,
  title={A 128$\times$ 128 120 dB 15 $\mu$s latency asynchronous temporal contrast vision sensor},
  author={Lichtsteiner, Patrick and Posch, Christoph and Delbruck, Tobi},
  journal={IEEE journal of solid-state circuits},
  volume={43},
  number={2},
  pages={566--576},
  year={2008},
  publisher={IEEE}
}

@article{qiao2015,
  title={A reconfigurable on-line learning spiking neuromorphic processor comprising 256 neurons and 128K synapses},
  author={Qiao, Ning and Mostafa, Hesham and Corradi, Federico and Osswald, Marc and Stefanini, Fabio and Sumislawska, Dora and Indiveri, Giacomo},
  journal={Frontiers in neuroscience},
  volume={9},
  pages={141},
  year={2015},
  publisher={Frontiers}
}

@inproceedings{sandamirskayaconradt2013,
  title={Learning Sensorimotor Transformations with Dynamic Neural Fields},
  author={Sandamirskaya, Yulia and Conradt, J{\"o}rg},
  booktitle={International Conference on Artificial Neural Networks},
  pages={248--255},
  year={2013},
  organization={Springer}
}

@misc{pushbot,
  author={Pushbot},
  title = {{Pushbot} Robotic Platform},
  year={2016},
  howpublished = {\url{http://inilabs.com/products/pushbot/}},
  note = {Accessed: 2016-10-16},
}